

@book {Lub10,
    AUTHOR = {Lubotzky, Alexander},
     TITLE = {Discrete groups, expanding graphs and invariant measures},
    SERIES = {Modern Birkh\"auser Classics},
      NOTE = {With an appendix by Jonathan D. Rogawski,
              Reprint of the 1994 edition},
 PUBLISHER = {Birkh\"auser Verlag},
   ADDRESS = {Basel},
      YEAR = {2010},
     PAGES = {iii+192},
      ISBN = {978-3-0346-0331-7},
   MRCLASS = {22E40 (05C25 11F70 28C10 43A07)},
  MRNUMBER = {2569682 (2010i:22011)},
       DOI = {10.1007/978-3-0346-0332-4},
       URL = {http://dx.doi.org/10.1007/978-3-0346-0332-4},
}

